@book{rose1991,
    author={Rose, M.\ R.},
    title={The Evolutionary Biology of Aging},
    year={1991},
    publisher={Oxford University Press},
    location={Oxford}
}

@article {naked-mole-rat,
    article_type = {journal},
    title = {Naked mole-rat mortality rates defy Gompertzian laws by not increasing with age},
    author = {Ruby, J Graham and Smith, Megan and Buffenstein, Rochelle},
    editor = {Rose, Michael},
    volume = 7,
    year = 2018,
    month = {Jan},
    pub_date = {2018-01-24},
    pages = {e31157},
    citation = {eLife 2018;7:e31157},
    doi = {10.7554/eLife.31157},
    url = {https://doi.org/10.7554/eLife.31157},
    journal = {eLife},
    issn = {2050-084X},
    publisher = {eLife Sciences Publications, Ltd},
}

% population dynamics
@book{malthus1798,
    author={Malthus, Thomas Robert},
    title={An Essay on the Principle of Population},
    year={1798},
    publisher={J.\ Johnson in St.\ Paul's Churchyard},
    location={London}
}

@article{verhulst1838,
    author={Verhulst, Pierre Fran\c{c}ois},
    title={Notice sur la loi que la population poursuit dans son accroissement},
    journal={Correspondance math\'ematique et Physique},
    volume={10},
    year={1839},
    pages={113--121} 
}

@article{lotka1912epidem,
    author={Lotka, Alfred J. },
    title={Quantitative studies in epodemiology},
    journal={Nature},
    volume={88},
    pages = {497-498},
    year  = {1912}
}

@article{volterra1928,
    author = {Volterra, Vito},
    title = {Variations and Fluctuations of the Number of Individuals in Animal Species living together},
    journal = {ICES Journal of Marine Science},
    volume = {3},
    number = {1},
    pages = {3-51},
    year = {1928},
    month = {04},
    issn = {1054-3139},
    url = {https://doi.org/10.1093/icesjms/3.1.3},
}

@article{lotka1911,
    author={Sharpe, F. R. and Lotka, Alfred J. },
    title={A problem in age-distribution},
    journal={The London, Edinburgh, and Dublin Philosphocial Magazine and Journal of Science},
    volume={21},
    number={124},
    pages = {435-438},
    year  = {1911},
    publisher = {Taylor \& Francis},
    URL = {https://doi.org/10.1080/14786440408637050},
}

@article{mckendrick1925,
    title={Applications of Mathematics to Medical Problems},
    volume={44},
    journal={Proceedings of the Edinburgh Mathematical Society},
    publisher={Cambridge University Press},
    author={McKendrick, A. G.},
    year={1925},
    pages={98â€“130}
}

@article{gurtin1974,
    author={Gurtin, M. E. and MacCamy, R. C.},
    title={Nonlinear age-dependent population dynamics},
    journal={Archive for Rational Mechanics and Analysis},
    volume={54},
    year={1974},
    pages={281--300}
}

@book{webb1985,
    author={Webb, G. F.},
    title={Theory of Nonlinear Age-Dependent Population Dynamics},
    series={Monographs and Textbooks in Pure and Applied mathematics},
    volume={89},
    year={1985},
    publisher={Marcel Dekker, New York}
}

%population genetics
@article{mendel1865,
    author={Mendel, Gregor},
    title={Versuche \"{u}ber Pflanzenhbriden},
    year={1865},
    journal={Verhandlungen des naturforschenden Vereines in Br\"{u}nn},
    volume={IV},
    pages={3--47} 
}

@article{fisher1918,
    title={The Correlation between Relatives on the Supposition of Mendelian Inheritance}, 
    volume={52},
    number={2},
    journal={Transactions of the Royal Society of Edinburgh},
    publisher={Royal Society of Edinburgh Scotland Foundation},
    author={Fisher, R. A.},
    year={1918},
    pages={399--433}
}

@article{haldane1924b,
    title={A mathematical theory of natural selection and artificial selection}, 
    note={Part II},
    author={Haldane, John Burdon Sanderson},
    volume={1},
    journal={Proceedings of the Cambridge Philosophical Society},
    year={1924},
    pages={158--163}
}

@article{haldane1924a,
    title={A mathematical theory of natural selection and artificial selection}, 
    note={Part I},
    author={Haldane, John Burdon Sanderson},
    volume={23},
    journal={Transactions of the Cambridge Philosophical Society},
    year={1924},
    pages={19--41}
}

@article {wright1931,
    author = {Wright, Sewall},
    title = {Evolution in Mendelian populations},
    volume = {16},
    number = {2},
    pages = {97--159},
    year = {1931},
    publisher = {Genetics},
    issn = {0016-6731},
    URL = {https://www.genetics.org/content/16/2/97},
    journal = {Genetics}
}

@book{kimura1983,
    place={Cambridge},
    title={The Neutral Theory of Molecular Evolution},
    DOI={10.1017/CBO9780511623486},
    publisher={Cambridge University Press},
    author={Kimura, Motoo},
    year={1983}
}

@article {hardy1908,
    author = {Hardy, G. H.},
    title = {Mendelian Proporions in a Mixed Population},
    volume = {28},
    number = {706},
    pages = {49--50},
    year = {1908},
    doi = {10.1126/science.28.706.49},
    publisher = {American Association for the Advancement of Science},
    issn = {0036-8075},
    URL = {https://science.sciencemag.org/content/28/706/49},
    journal = {Science}
}

@article {weinberg1908,
    author = {Weinberg, Wilhelm},
    title = {\"{U}ber den Nachweis der Vererbung beim Menschen},
    volume = {64},
    pages = {368--382},
    year = {1908},
    journal = {Jahreshefte des Vereins f\"{u}r vaterl\"{a}ndische Naturkunde in W\"{u}rttemberg}
}

% evolutionary biology of ageing
@book{fisher1930genetical,
    title={The genetical theory of natural selection},
    author={Fisher, Ronald Aylmer},
    year={1930},
    publisher={Oxford University Press},
    location={Oxford}
}

@article{kirkwood2000age,
    author={Kirkwood, Thomas B. L. and Austad, Steven N.},
    title={Why do we age?},
    journal={Nature},
    volume={408},
    pages={233--238},
    year={2000}
}

@article{jones2014diversity,
  title={Diversity of ageing across the tree of life},
  author={Jones, Owen R and Scheuerlein, Alexander and Salguero-G{\'o}mez, Roberto and Camarda, Carlo Giovanni and Schaible, Ralf and Casper, Brenda B and Dahlgren, Johan P and Ehrl{\'e}n, Johan and Garc{\'\i}a, Mar{\'\i}a B and Menges, Eric S and others},
  journal={Nature},
  volume={505},
  number={7482},
  pages={169--173},
  year={2014},
}

@book{medawar1957unsolved,
  title={An unsolved problem of biology},
  author={Medawar, P. B.},
  publisher={HK Lewis \& Co.},
  year={1952},
  location={London},
}

@article{charlesworth2000fisher,
  title={Fisher, Medawar, Hamilton and the evolution of aging},
  author={Charlesworth, Brian},
  journal={Genetics},
  volume={156},
  number={3},
  pages={927--931},
  year={2000},
}

% adaptive dynamics

@article{hofbauer1990,
    title = "Adaptive dynamics and evolutionary stability",
    journal = "Applied Mathematics Letters",
    volume = "3",
    number = "4",
    pages = "75 - 79",
    year = "1990",
    issn = "0893-9659",
    doi = "https://doi.org/10.1016/0893-9659(90)90051-C",
    url = "http://www.sciencedirect.com/science/article/pii/089396599090051C",
    author = "J. Hofbauer and K. Sigmund"
}

@techreport{metz1995ad,
    month = {September},
    type = {IIASA Working Paper},
    title = {Adaptive Dynamics: A Geometrical Study of the Consequences of Nearly Faithful Reproduction},
    author = {J.A.J. Metz and S.A.H. Geritz and G. Meszena and F.J.A. Jacobs and J.S. van Heerwaarden},
    address = {IIASA, Laxenburg, Austria},
    publisher = {WP-95-099},
    year = {1995},
    url = {http://pure.iiasa.ac.at/id/eprint/4497/}
}

@article{dieckmann1996,
    author={Dieckmann, Ulf and Law, Richard},
    title={The dynamical theory of coevolution: a derivation from stochastic ecological processes},
    journal={Journal of Mathematical Biology},
    year={1996},
    month={May},
    day={01},
    volume={34},
    number={5},
    pages={579--612},
    issn={1432-1416},
    doi={10.1007/BF02409751},
    url={https://doi.org/10.1007/BF02409751}
}

@article{champagnat2006tss,
    title = {A microscopic interpretation for adaptive dynamics trait substitution sequence models},
    journal = {Stochastic Processes and their Applications},
    volume = {116},
    number = {8},
    pages = {1127 - 1160},
    year = {2006},
    issn = {0304-4149},
    doi = {https://doi.org/10.1016/j.spa.2006.01.004},
    url = {http://www.sciencedirect.com/science/article/pii/S0304414906000056},
    author = {Champagnat, Nicolas},
}

@article{champmel2006,
    title = {Unifying evolutionary dynamics: From individual stochastic processes to macroscopic models},
    journal = {Theoretical Population Biology},
    volume = {69},
    number = {3},
    pages = {297 - 321},
    year = {2006},
    note = {ESS Theory Now},
    issn = {0040-5809},
    doi = {https://doi.org/10.1016/j.tpb.2005.10.004},
    url = {http://www.sciencedirect.com/science/article/pii/S0040580905001632},
    author = {Champagnat, Nicolas and Ferri{\'e}re, R{\'e}gis and M{\'e}l{\'e}ard, Sylvie}
}

@article{meleard2009tss,
    author={M{\'e}l{\'e}ard, Sylvie and Tran, Viet Chi},
    title={Trait Substitution Sequence process and Canonical Equation for age-structured populations},
    journal={Journal of Mathematical Biology},
    year={2009},
    volume={58},
    number={6},
    pages={881--921},
    issn={1432-1416},
    doi={10.1007/s00285-008-0202-2},
    url={https://doi.org/10.1007/s00285-008-0202-2}
}


% numerical models
@article{penna1995bit,
  title={A bit-string model for biological aging},
  author={Penna, T. J. P.},
  journal={Journal of Statistical Physics},
  volume={78},
  number={5},
  pages={1629--1633},
  year={1995},
  publisher={Springer}
}

@article{stauffer2007penna,
  title={The Penna Model of Biological Aging},
  author={Stauffer, D.},
  journal={Bioinformatics and Biology Insights},
  volume={1},
  pages={91--100},
  year={2007},
}

@article{sajina2016silico,
  title={An \textit{In Silico} Model to Simulate the Evolution of Biological Aging},
  author={\v{S}ajina, Arian and Valenzano, Dario Riccardo},
  journal={arXiv},
  pages={1602.00723},
  year={2016}
}

@article{aegis2019,
  title={AEGIS: An In Silico Tool to model Genome Evolution in Age-Structured Populations},
  author={Bradshaw, William J. and \v{S}ajina, Arian and Valenzano, Dario Riccardo},
  journal={bioRxiv},
  doi={https://doi.org/10.1101/646877},
  year={2019}
}

@article{haller2019slim,
  title={SLiM 3: Forward genetic simulations beyond the Wright--Fisher model},
  author={Haller, Benjamin C and Messer, Philipp W},
  journal={Molecular biology and evolution},
  volume={36},
  number={3},
  pages={632--637},
  year={2019},
  publisher={Oxford University Press}
}

% motivation
@article{christensen2009,
    title ={Ageing populations: the challenges ahead},
    journal ={The Lancet},
    volume ={374},
    number ={9696},
    pages ={1196--1208},
    year ={2009},
    issn ={0140-6736},
    doi ={https://doi.org/10.1016/S0140-6736(09)61460-4},
    url ={http://www.sciencedirect.com/science/article/pii/S0140673609614604},
    author ={Christensen, Kaare and Doblhammer, Gabriele and Rau, Roland and Vaupel, James W.}
}

% rest
@article{meleard2018bd,
    author={M{\'e}l{\'e}ard, Sylvie and Rera, Michael and Roget Tristan},
    title={A birth-death model af ageing: from individual-based dynamics ti evolutive differential inclusions},
    journal={arxiv},
    pages={1807.10549},
    year={2018}
}

@article{tran2008,
    title={Large population limit and time behaviour of a stochastic particle model describing an age-structured population},
    author={Tran, Viet Chi},
    journal={ESAIM: Probabilitz and Statistics},
    volume={12},
    pages={345--386},
    year={2008}
}

@article{gillespie1976,
    title = {A general method for numerically simulating the stochastic time evolution of coupled chemical reactions},
    journal = {Journal of Computational Physics},
    volume = {22},
    number = {4},
    pages = {403 - 434},
    year = {1976},
    issn = {0021-9991},
    doi = {https://doi.org/10.1016/0021-9991(76)90041-3},
    url = {http://www.sciencedirect.com/science/article/pii/0021999176900413},
    author = {Gillespie, Daniel T}
}

@InProceedings{dawson1993,
    author={Dawson, Donald},
    editor={Hennequin, Paul-Louis},
    title={Measure-valued Markov processes},
    note={Theorem 3.2.6},
    booktitle={Ecole d'Et{\'e} de Probabilit{\'e}s de Saint-Flour XXI - 1991},
    year={1993},
    publisher={Springer Berlin Heidelberg},
    address={Berlin, Heidelberg},
    pages={1--260},
    isbn={978-3-540-47608-5}
}

@book{durrett-prob,
    place={Cambridge},
    edition={5},
    series={Cambridge Series in Statistical and Probabilistic Mathematics},
    title={Probability: Theory and Examples},
    DOI={10.1017/9781108591034},
    publisher={Cambridge University Press},
    author={Durrett, Rick},
    year={2019},
    collection={Cambridge Series in Statistical and Probabilistic Mathematics}
}

@article{ray2019,
  title={Relaxed Selection Limits Lifespan by Increasing Mutation Load},
  author={Cui, Rongfeng and Medeiros, Tania and Willemsen, David and Iasi, Leonardo N.M. and Collier, Glen E and Graef, Martin and Reichard, Martin and Valenzano, Dario Riccardo},
  journal={Cell},
  volume={178},
  pages={1--15},
  year={2019},
  month={Jul},
  publisher={Elsevier}
}

% Bovier lecture notes
@misc{bovier2019ad,
    title={Lecture notes: Stochastic individual based models: From adaptive dynamics to modelling of cancer therapies},
    author={Bovier, Anton},
    year={2019},
    publisher={Anton Bovier},
    url={https://www.dropbox.com/s/7b52tqb1xozx4n2/adaptive-v0.pdf?dl=0}
}

% from aegis paper
@book{haldane1942new,
  title={New paths in genetics},
  author={Haldane, John Burdon Sanderson},
  year={1941},
  publisher={George Allen \& Unwin},
  location={London},
}

@article{hamilton1966moulding,
  title={The moulding of senescence by natural selection},
  author={Hamilton, William D},
  journal={Journal of Theoretical Biology},
  volume={12},
  number={1},
  pages={12--45},
  year={1966},
}

@article{williams1957pleiotropy,
  title={Pleiotropy, natural selection, and the evolution of senescence},
  author={Williams, George C},
  journal={Evolution},
  volume={11},
  number={4},
  pages={398--411},
  year={1957},
}

@article{longo2005programmed,
  title={Programmed and altruistic ageing},
  author={Longo, Valter D and Mitteldorf, Joshua and Skulachev, Vladimir P},
  journal={Nature Reviews Genetics},
  volume={6},
  number={11},
  pages={866--872},
  year={2005},
}

@article{lohr2019does,
  title={Does senescence promote fitness in \textit{Caenorhabditis elegans} by causing death?},
  author={Lohr, Jennifer N and Galimov, Evgeniy R and Gems, David},
  journal={Ageing Research Reviews},
  year={2019},
  volume={50},
  pages={58--71},
}

@book{charlesworth1994evolution,
  title={Evolution in age-structured populations},
  author={Charlesworth, Brian},
  year={1994},
  publisher={Cambridge University Press},
  location={Cambridge}
}

@article{dzwinel2005aging,
  title={Aging in Hostile Environment Modeled by Cellular Automata with Genetic Dynamics},
  author={Dzwinel, Witold and Yuen, David A},
  journal={International Journal of Modern Physics C},
  volume={16},
  number={3},
  pages={357--376},
  year={2005},
}

@article{werfel2015programed,
  title={Programed death is favored by natural selection in spatial systems},
  author={Werfel, Justin and Ingber, Donald E and Bar-Yam, Yaneer},
  journal={Physical Review Letters},
  volume={114},
  number={23},
  pages={238103},
  year={2015},
  publisher={APS}
}

@article{hill1966effect,
  title={The effect of linkage on limits to artificial selection},
  author={Hill, William G and Robertson, Alan},
  journal={Genetics Research},
  volume={8},
  number={3},
  pages={269--294},
  year={1966},
  publisher={Cambridge University Press}
}

@article{keane2015insights,
  title={Insights into the evolution of longevity from the bowhead whale genome},
  author={Keane, Michael and Semeiks, Jeremy and Webb, Andrew E and Li, Yang I and Quesada, V{\'\i}ctor and Craig, Thomas and Madsen, Lone Bruhn and van Dam, Sipko and Brawand, David and Marques, Patr{\'\i}cia I and others},
  journal={Cell Reports},
  volume={10},
  number={1},
  pages={112--122},
  year={2015},
  publisher={Elsevier}
}

@article{kim2011genome,
  title={Genome sequencing reveals insights into physiology and longevity of the naked mole rat},
  author={Kim, Eun Bae and Fang, Xiaodong and Fushan, Alexey A and Huang, Zhiyong and Lobanov, Alexei V and Han, Lijuan and Marino, Stefano M and Sun, Xiaoqing and Turanov, Anton A and Yang, Pengcheng and others},
  journal={Nature},
  volume={479},
  number={7372},
  pages={223--227},
  year={2011},
  publisher={Nature Publishing Group}
}

@book{rose1994evolutionary,
  title={Evolutionary biology of aging},
  author={Rose, Michael R},
  year={1994},
  publisher={Oxford University Press on Demand}
}

@article{seim2013genome,
  title={Genome analysis reveals insights into physiology and longevity of the Brandtâ€™s bat \textit{Myotis brandtii}},
  author={Seim, Inge and Fang, Xiaodong and Xiong, Zhiqiang and Lobanov, Alexey V and Huang, Zhiyong and Ma, Siming and Feng, Yue and Turanov, Anton A and Zhu, Yabing and Lenz, Tobias L and others},
  journal={Nature Communications},
  volume={4},
  pages={2212},
  year={2013},
  publisher={Nature Publishing Group}
}

@article{valenzano2015african,
  title={The African turquoise killifish genome provides insights into evolution and genetic architecture of lifespan},
  author={Valenzano, Dario Riccardo and Benayoun, B{\'e}r{\'e}nice A and Singh, Param Priya and Zhang, Elisa and Etter, Paul D and Hu, Chi-Kuo and Cl{\'e}ment-Ziza, Mathieu and Willemsen, David and Cui, Rongfeng and Harel, Itamar and others},
  journal={Cell},
  volume={163},
  number={6},
  pages={1539--1554},
  year={2015},
  publisher={Elsevier}
}

@article{tacutu2017human,
  title={Human Ageing Genomic Resources: new and updated databases},
  author={Tacutu, Robi and Thornton, Daniel and Johnson, Emily and Budovsky, Arie and Barardo, Diogo and Craig, Thomas and Diana, Eugene and Lehmann, Gilad and Toren, Dmitri and Wang, Jingwei and others},
  journal={Nucleic Acids Research},
  volume={46},
  number={D1},
  pages={D1083--D1090},
  year={2017},
  publisher={Oxford University Press}
}

@article{excoffier2006computer,
  title={Computer programs for population genetics data analysis: a survival guide},
  author={Excoffier, Laurent and Heckel, Gerald},
  journal={Nature Reviews Genetics},
  volume={7},
  number={10},
  pages={745},
  year={2006},
  publisher={Nature Publishing Group}
}

